<?xml version="1.0" encoding="UTF-8"?><record xmlns="http://www.loc.gov/MARC21/slim" xmlns:cinclude="http://apache.org/cocoon/include/1.0" xmlns:zs="http://www.loc.gov/zing/srw/">
  <leader>00352nz  a2200121n  4500</leader>
  <controlfield tag="001">n  98059627 </controlfield>
  <controlfield tag="003">DLC</controlfield>
  <controlfield tag="005">19980701131638.3</controlfield>
  <controlfield tag="008">980701n| acannaab|          |n ana |||  </controlfield>
  <datafield tag="010" ind1=" " ind2=" ">
    <subfield code="a">n  98059627 </subfield>
  </datafield>
  <datafield tag="040" ind1=" " ind2=" ">
    <subfield code="a">DLC</subfield>
    <subfield code="c">DLC</subfield>
  </datafield>
  <datafield tag="110" ind1="2" ind2="0">
    <subfield code="a">Grace Lutheran Church (Oak Ridge, Tenn.)</subfield>
  </datafield>
  <datafield tag="670" ind1=" " ind2=" ">
    <subfield code="a">Growing in grace, 1997:</subfield>
    <subfield code="b">t.p. (Grace Lutheran Church, Oak Ridge, Tennessee)</subfield>
  </datafield>
</record>